@misc{rfc6550,
  author="T. Winter and P. Thubert and A. Brandt and J. Hui and R. Kelsey and P. Levis and K. Pister and R. Struik and JP. Vasseur and R. Alexander",
  title="{RPL: IPv6 Routing Protocol for Low-Power and Lossy Networks}",
  series="Request for Comments",
  number="6550",
  howpublished="RFC 6550",
  publisher="IETF",
  organization="IETF",
  year=2012,
}

@INPROCEEDINGS{contiki,
 author={Dunkels, A. and Gr\"onvall, B. and Voigt, T.},
 booktitle={Proceedings of the 29th Annual IEEE International Conference on Local Computer Networks (LCN 2004)},
 title={Contiki - a lightweight and flexible operating system for tiny networked sensors},
 year={2004},
 publisher={IEEE},
 pages={455-462}
}
